<?xml version="1.0" encoding="UTF-8"?><record xmlns="http://www.loc.gov/MARC21/slim" xmlns:cinclude="http://apache.org/cocoon/include/1.0" xmlns:zs="http://www.loc.gov/zing/srw/">
  <leader>01615cz  a2200265n  4500</leader>
  <controlfield tag="001">no2009104029</controlfield>
  <controlfield tag="003">DLC</controlfield>
  <controlfield tag="005">20140103073934.0</controlfield>
  <controlfield tag="008">090706n| azannaabn          |a ana     c</controlfield>
  <datafield tag="010" ind1=" " ind2=" ">
    <subfield code="a">no2009104029</subfield>
  </datafield>
  <datafield tag="035" ind1=" " ind2=" ">
    <subfield code="a">(OCoLC)oca08163674</subfield>
  </datafield>
  <datafield tag="040" ind1=" " ind2=" ">
    <subfield code="a">MH</subfield>
    <subfield code="b">eng</subfield>
    <subfield code="e">rda</subfield>
    <subfield code="c">MH</subfield>
    <subfield code="d">DLC</subfield>
    <subfield code="d">DNLM</subfield>
    <subfield code="d">WaU</subfield>
  </datafield>
  <datafield tag="046" ind1=" " ind2=" ">
    <subfield code="s">2007</subfield>
  </datafield>
  <datafield tag="111" ind1="2" ind2=" ">
    <subfield code="a">Food and Drink in Archaeology (Conference)</subfield>
  </datafield>
  <datafield tag="368" ind1=" " ind2=" ">
    <subfield code="a">Conference</subfield>
  </datafield>
  <datafield tag="368" ind1=" " ind2=" ">
    <subfield code="a">Congresses and conventions</subfield>
    <subfield code="2">lcsh</subfield>
  </datafield>
  <datafield tag="370" ind1=" " ind2=" ">
    <subfield code="e">Nottingham (England)</subfield>
    <subfield code="2">naf</subfield>
  </datafield>
  <datafield tag="372" ind1=" " ind2=" ">
    <subfield code="a">Nutritional anthropology--Congresses</subfield>
    <subfield code="a">Food habits--Congresses</subfield>
    <subfield code="a">Drinking customs--Congresses</subfield>
    <subfield code="a">Diet--Congresses</subfield>
    <subfield code="a">Archaeology--Congresses</subfield>
    <subfield code="2">lcsh</subfield>
  </datafield>
  <datafield tag="373" ind1=" " ind2=" ">
    <subfield code="a">University of Nottingham. Department of Archaeology</subfield>
    <subfield code="2">naf</subfield>
  </datafield>
  <datafield tag="411" ind1="2" ind2=" ">
    <subfield code="a">Food &amp; Drink in Archaeology (Conference)</subfield>
  </datafield>
  <datafield tag="411" ind1="2" ind2=" ">
    <subfield code="a">University of Nottingham Postgraduate Conference</subfield>
  </datafield>
  <datafield tag="410" ind1="2" ind2=" ">
    <subfield code="a">University of Nottingham.</subfield>
    <subfield code="b">Postgraduate Conference</subfield>
  </datafield>
  <datafield tag="410" ind1="2" ind2=" ">
    <subfield code="a">University of Nottingham.</subfield>
    <subfield code="b">Department of Archaeology.</subfield>
    <subfield code="b">Postgraduate Conference</subfield>
  </datafield>
  <datafield tag="670" ind1=" " ind2=" ">
    <subfield code="a">Food and Drink in Archaeology 1, 2008:</subfield>
    <subfield code="b">title page (Food and Drink in Archaeology 1; University of Nottingham Postgraduate Conference) pref. (conceived and organized ... University's Department of Archaeology) cover (Food &amp; Drink in Archaeology 1)</subfield>
  </datafield>
  <datafield tag="670" ind1=" " ind2=" ">
    <subfield code="a">Food and Drink in Archaeology 3, 2012:</subfield>
    <subfield code="b">title page (Food and Drink in Archaeology 3 : University of Nottingham Postgraduate Conference) preface (The third Food and Drink in Archaeology conference; at the University of Nottingham 17-18 April 2009) cover (Food &amp; Drink in Archaeology 3) cover flyleaf (from the Department of Archaeology at Nottingham University)</subfield>
  </datafield>
</record>